@inproceedings{afek1985time,
  title={Time and message bounds for election in synchronous and asynchronous complete networks},
  author={Afek, Yehuda and Gafni, Eli},
  booktitle={Proceedings of the fourth annual ACM symposium on Principles of distributed computing},
  pages={186--195},
  year={1985},
  organization={ACM}
}
